% This was published online in Aug, 2014, but the journal issue has a 2015 publication date.
@InProceedings{Krol_2015,
  author     = {D.~Kr\'{o}l and J.~Harris and D.~Zydek},
  title      = {{Hybrid GPU/CPU approach to multiphysics simulation}},
  booktitle  = {{Progress in Systems Engineering}},
  series     = {Advances in Intelligent Systems and Computing},
  volume     = 1089,
  editor     = {H.~Selvaraj and D.~Zydek and G.~Chmaj},
  pages      = {893--899},
  publisher  = {Springer International},
  year       = {2015},
  note       = {\url{http://dx.doi.org/10.1007/978-3-319-08422-0_130}}
}
