@Article{Carey_2004b,
  author  = {G.~F.~Carey and W.~Barth and J.~A.~Woods
             and B.~S.~Kirk and M.~L.~Anderson and S.~Chow
             and W.~Bangerth},
  title   = {Modeling error and constitutive relations in simulation
             of flow and transport},
  journal = {Int. J. Numerical Methods in Fluid},
  year    = {2004},
  volume  = {46},
  number  = {12},
  pages   = {1211--1236},
   note   = {\url{http://dx.doi.org/10.1002/fld.797}}
}

@Article{Carey_2004a,
  author = {G.~F. Carey and M.~Anderson and B.~Carnes and B.~S.~Kirk},
   title = {Some aspects of adaptive grid technology related to boundary and interior layers},
 journal = {J. Comput. Appl. Math.},
  volume = {166},
  number = {1},
    year = {2004},
    issn = {0377-0427},
   pages = {55--86},
    note = {\url{http://dx.doi.org/10.1016/j.cam.2003.09.036}}
}

@InProceedings{Antiga_2004,
  author     = {L.~Antiga},
  title      = {{Imaging and numerical fluid dynamics for the study of the
                 cardiovascular system}},
  booktitle  = {{III Workshop Bioflumen:  Technological innovation and evaluation of medical
                 devices for the cardiovascular system}},
  editor     = {M.~Grigioni},
  pages      = {55--59},
  publisher  = {Istituto Superiore di Sanit\`{a}},
  address    = {Rome, Italy},
  month      = nov,
  year       = {2004}
}

@Comment LocalWords:  Bangerth Carnes Comput Appl issn InProceedings Antiga di
@Comment LocalWords:  booktitle Bioflumen Grigioni Istituto
@Comment LocalWords:  Superiore Sanit nov
