% Preprints

@Article{Oden_2013,
   author = {J.~T.~Oden and E.~E.~Prudencio and A.~Hawkins-Daarud},
    title = {{Selection and assessment of phenomenological models of tumor growth}},
  journal = {Mathematical Models and Methods in Applied Sciences},
     year = 2013,
     note = {\url{http://dx.doi.org/10.1142/S0218202513500103}}
}

% Looks like it might be a book chapter?  Not sure if libmesh was used, maybe ask David.
% google scholar: author:fuentes author:oden author:diller laser therapy
@Misc{Fuentes_2013,
  author = {D.~Fuentes and J.~T.~Oden and K.~R.~Diller and A.~Elliot and Y.~Feng and J.~D.~Hazle and A.~Shetty and R.~J.~Stafford},
  title = {{Computational and MR-guided patient-specific laser induced thermal therapy of cancer}},
  year = 2013,
  howpublished = {Book Chapter},
  note = {\url{http://dddas.ices.utexas.edu/fuentes/mediaDir/dddas_book_apr09.pdf}}
}

% author:bhalla fully resolved immersed.
% This paper was presented at the 65th Annual Meeting of the APS Division of Fluid Dynamics Volume 57, Number 17 on November 20, 2012
% http://meetings.aps.org/link/BAPS.2012.DFD.M5.4
% Maybe just keep an eye on it, see if the citation changes at all...
@Article{Bhalla_2013b,
   author = {A.~P.~S.~Bhalla and R.~Bale and B.~E.~Griffith and N.~A.~Patankar},
    title = {{Fully resolved immersed electrohydrodynamics for particle motion, electrolocation, and self-propulsion}},
  journal = {PREPRINT, Submitted to Elsevier Science},
     year = 2013,
     note = {\url{http://www.cims.nyu.edu/~griffith/docs/bhalla_EHD.pdf}}
}


% author:bhalla unified mathematical framework
@Article{Bhalla_2013,
   author = {A.~P.~S.~Bhalla and R.~Bale and B.~E.~Griffith and N.~A.~Patankar},
    title = {{A unified mathematical framework and an adaptive numerical method for fluid-structure interaction with rigid, deforming, and elastic bodies}},
  journal = {PREPRINT, Submitted to Elsevier Science},
     year = 2013,
     note = {\url{http://www.math.nyu.edu/~griffith/docs/bhalla_constraint_ib.pdf}}
}

% These guys actually cite the libmesh paper because they use the statistical refinement algorithm
% described there.
@Article{Bittl_2012,
   author = {M.~Bittl and D.~Kuzmin},
    title = {{An $hp$-adaptive flux-corrected transport algorithm for continuous finite elements}},
  journal = {Computing},
     year = 2012,
     note = {\url{http://dx.doi.org/10.1007/s00607-012-0223-y}}
}


% Not sure if/when this will be submitted, but it seems like a halfway decent paper
% and they do use libmesh, so I'll keep an eye on it...
% guillen[at]us.es and rafael.rodriguez[at]uca.es
% google scholar: author:gonzalez author:galvan stability stokes
@Article{Gonzalez_2012,
   author = {F.~G.~Gonz\'{a}lez and J.~R.~R.~Galv\'{a}n},
    title = {{On the stability of approximations for the Stokes problem using different
              finite element spaces for each component of the velocity}},
  journal = {PREPRINT, website only},
     year = 2012,
    month = nov,
     note = {\url{http://www.uca.es/dpto/C101/pags-personales/rafael.rodriguez/papers/stokes-velocity-fespaces.pdf}}
}



@Article{Vavourakis_2012,
   author = {V.~Vavourakis and A.~Kazakidi and D.~P.~Tsakiris and J.~A.~Ekaterinaris},
    title = {{A nonlinear dynamic finite element approach for simulating muscular hydrostats}},
  journal = {Computer Methods in Biomechanics and Biomedical Engineering},
     year = 2012,
     note = {\url{http://dx.doi.org/10.1080/10255842.2012.723702}}
}



% google scholar, author:vallaghe static condensation reduced basis
@Article{Vallaghe_2012,
   author = {S.~Vallagh\'{e} and A.~T.~Patera},
    title = {{The static condensation reduced basis element method for a mixed-mean conjugate heat exchanger model}},
  journal = {PREPRINT, submitted to SISC},
     year = 2012,
     note = {\url{http://augustine.mit.edu/methodology/papers/VP_SISC_Aug2012.pdf}}
}











% google scholar, author:griffith Hybrid finite difference/finite element version of the immersed boundary method
@Article{Griffith_2012,
   author = {B.~E.~Griffith and X.~Luo},
    title = {{Hybrid finite difference/finite element version of the immersed boundary method}},
  journal = {PREPRINT, Submitted to Elsevier Science Jan.\ 17},
     year = 2012,
     note = {\url{http://www.cims.nyu.edu/~griffith/docs/griffith_luo_ibfem_rev1.pdf}}
}


% % This is not really published but his thesis may eventually be.  This is only a proposal
% {Gibbons_2011,
%   author = {J.~D.~K.~Gibbons},
%   school = {WPI},
%   title  = {{Methods for optimization of structural parts for fused filament fabrication}},
%   note = {\url{http://users.wpi.edu/~jonored/QF/formal_proposal.pdf}},
%   month = mar # {~16,},
%   year = {2011}
% }



% % Bradley sent me a draft copy of the paper.  Libmesh is mentioned only as an example
% % of a general-purpose FEM library...
% {Bradley_2011,
%    author = {C.~Bradley and others},
%     title = {{OpenCMISS: A multi-physics \& multi-scale computational infrastructure for the VPH/Physiome project}},
%   journal = {Progress in Biophysics and Molecular Biology},
%      year = 2011,
%    volume = 107,
%    number = 1,
%     pages = {32--47},
%      note = {\url{http://dx.doi.org/10.1016/j.pbiomolbio.2011.06.015}}
% }





% % Google scholar says this paper cites libmesh, but they cite it only as a
% % library where penalty boundary conditions are implemented.
% {Stokes_2011,
%    author = {Y.~Stokes and G.~F.~Carey},
%     title = {{On generalised penalty approaches for slip, free surface and
%               related boundary conditions in viscous flow simulation}},
%   journal = {International Journal of Numerical Methods for Heat \& Fluid Flow},
%      year = 2011,
%    volume = 21,
%    number = 6,
%     pages = {668--702},
%      note = {\url{http://dx.doi.org/10.1108/09615531111148455}}
% }





% See also:
% https://webspace.utexas.edu/asr596/www/perfexpert/pub/Filtering24.pdf
% This looks like it was presented, from 09:00 - 09:20am, on July 20th
% http://www.world-academy-of-science.org/worldcomp11/ws/program/pdp20
% Keep an eye here:
% http://www.world-academy-of-science.org/worldcomp11/ws/conferences/pdpta11/publication
% for more information about the proceedings
@InProceedings{Sopeju_2011,
  author = {O.~A.~Sopeju and M.~Burtscher and A.~Rane and J.~Browne},
  title = {{AutoSCOPE: Automatic suggestions for code optimizations using PerfExpert}},
  booktitle  = {{Proceedings of the 2011 International Conference on Parallel and
                Distributed Processing Techniques and Applications (PDPTA'11)}},
  pages      = {xx--yy},
  month      = jul # {~18--21,},
  address    = {Las Vegas, NV},
  year       = {2011},
  note       = {\url{http://www.cs.txstate.edu/~mb92/papers/pdpta11a.pdf}}
}










% See also: http://www.math.nyu.edu/~griffith/docs/griffith_ibfem_sub.pdf
% google scholar, author:griffith Immersed boundary method with finite element elasticity
% Co-author Xiaoyu Luo, http://www.maths.gla.ac.uk/~xl/
% This paper was submitted to JCP and is under revision
@Article{Griffith_2010,
   author = {B.~E.~Griffith and X.~Luo},
    title = {{Immersed boundary method with finite element elasticity}},
  journal = {SUBMITTED},
     year = 2010,
    month = oct,
     note = {\url{http://www.cims.nyu.edu/~griffith/docs/griffith_ibfem_sub.pdf}}
}
















% Note: not to be confused with the prior paper:
% Curtis, Schenk, and Wachter
% "An interior-point algorithm for large-scale nonlinear optimization with inexact step computations"
% SIAM J. Sci. Comput.
% v. 32, no. 6, pp. 3447--3475, Nov. 2010.
%
% Note: this paper was also published as an IBM tech. report in Apr. 2011, and the preprint below
% does not really appear on google scholar anymore, although the link is active.
%
% Can also be found here:
% http://fgb.informatik.unibas.ch/people/oschenk/publications/index.html
% and here:
% http://www.optimization-online.org/DB_HTML/2011/04/2992.html
%
% {Curtis_2011,
%    author = {F.~E.~Curtis and J.~Huber and O.~Schenk and A.~W\"{a}chter},
%     title = {{On the implementation of an interior-point algorithm for nonlinear
%               optimization with inexact step computations}},
%   journal = {PREPRINT},
%      year = 2011,
%      note = {\url{http://fgb.informatik.unibas.ch/people/oschenk/publications/references/imips.pdf}}
% }



