@Article{Zhang_2013,
   author = {L.~Zhang and M.~R.~Tonks and D.~Gaston and J.~W.~Peterson and D.~Andrs and P.~C.~Millett and B.~S.~Biner},
    title = {{A quantitative comparison between $C^0$ and $C^1$ elements for solving the Cahn-Hilliard equation}},
  journal = {Journal of Computational Physics},
    month = mar,
     year = 2013,
   volume = 236,
    pages = {74--80},
     note = {\url{http://dx.doi.org/10.1016/j.jcp.2012.12.001}}
}

@Article{Fuentes_2013,
   author = {D.~Fuentes and A.~Elliott and J.~S.~Weinberg and A.~Shetty and J.~D.~Hazle and R.~J.~Stafford},
    title = {{An inverse problem approach to recovery of \textit{in vivo} nanoparticle concentrations
              from thermal image monitoring of MR-guided laser induced thermal therapy}},
  journal = {Annals of Biomedical Engineering},
     year = 2013,
   volume = 41,
   number = 1,
    month = jan,
    pages = {100--111},
     note = {\url{http://dx.doi.org/10.1007/s10439-012-0638-9}}
}

% Originally submitted 26 May 2011!
@Article{Huynh_2013,
   author = {D.~B.~P.~Huynh and D.~J.~Knezevic and A.~T.~Patera},
    title = {{A static condensation reduced basis element method: approximation and a posteriori error estimation}},
  journal = {ESAIM: Mathematical Modelling and Numerical Analysis},
    month = jan,
     year = 2013,
   volume = 47,
   number = 1,
    month = jan,
    pages = {213--251},
     note = {\url{http://dx.doi.org/10.1051/m2an/2012022}}
}


% Vas told me libmesh was used in developing the code discussed in this paper...
@Article{Vavourakis_2013,
   author = {V.~Vavourakis and D.~Loukidis and D.~C.~Charmpis and P.~Papanastasiou},
    title = {{Assessment of remeshing and remapping strategies for large deformation elastoplastic finite element analysis}},
  journal = {Computers \& Structures},
     year = 2013,
   volume = {114--115},
    month = jan,
    pages = {133--146},
     note = {\url{http://dx.doi.org/10.1016/j.compstruc.2012.09.010}}
}

@Article{Zhu_2013,
   author = {Y.~Zhu and X.~Y.~Luo and H.~M.~Wang and R.~W.~Ogden and C.~Berry},
    title = {{Three-dimensional non-linear buckling of thick-walled elastic tubes under pressure}},
  journal = {International Journal of Non-Linear Mechanics},
     year = 2013,
   volume = 48,
    month = jan,
     note = {\url{http://dx.doi.org/10.1016/j.ijnonlinmec.2012.06.013}}
}

@Article{Vetter_2013,
   author = {R.~Vetter and F.~K.~Wittel and N.~Stoop and H.~J.~Herrmann},
    title = {{Finite element simulation of dense wire packings}},
  journal = {European Journal of Mechanics - A/Solids},
     year = 2013,
   volume = 37,
    month = jan,
    pages = {160--171},
     note = {\url{http://dx.doi.org/10.1016/j.euromechsol.2012.06.007}, \url{http://arxiv.org/abs/1111.5128v2}}
}
